{
  "leader": "01994cam a2200421 i 4500",
  "fields": [
    {
      "001": "ocm00488849\\"
    },
    {
      "003": "OCoLC"
    },
    {
      "005": "20220106142411.0"
    },
    {
      "008": "720906s1972\\\\\\\\ja\\\\\\\\\\\\\\b\\\\\\\\000\\0\\eng\\\\"
    },
    {
      "010": {
        "ind1": "\\",
        "ind2": "\\",
        "subfields": [
          {
            "a": "   72188196 "
          }
        ]
      }
    },
    {
      "040": {
        "ind1": "\\",
        "ind2": "\\",
        "subfields": [
          {
            "a": "DLC"
          },
          {
            "b": "eng"
          },
          {
            "c": "DLC"
          },
          {
            "d": "OCLCQ"
          },
          {
            "d": "BTCTA"
          },
          {
            "d": "DEBBG"
          },
          {
            "d": "OCLCO"
          },
          {
            "d": "OCLCF"
          },
          {
            "d": "OCLCQ"
          },
          {
            "d": "FC@"
          },
          {
            "d": "VPI"
          },
          {
            "d": "XFF"
          },
          {
            "d": "DGU"
          },
          {
            "d": "TAL"
          },
          {
            "d": "OCLCQ"
          },
          {
            "d": "CSF"
          },
          {
            "d": "MTG"
          },
          {
            "d": "VGM"
          },
          {
            "d": "UAF"
          },
          {
            "d": "SHS"
          },
          {
            "d": "CSA"
          },
          {
            "d": "RIU"
          },
          {
            "d": "CSJ"
          },
          {
            "d": "TFW"
          },
          {
            "d": "CCH"
          },
          {
            "d": "CNO"
          },
          {
            "d": "GILDS"
          },
          {
            "d": "OCL"
          },
          {
            "d": "OCLCO"
          },
          {
            "d": "UKMGB"
          },
          {
            "d": "CUV"
          },
          {
            "d": "OCL"
          },
          {
            "d": "IL4J6"
          },
          {
            "d": "OCLCO"
          }
        ]
      }
    },
    {
      "066": {
        "ind1": "\\",
        "ind2": "\\",
        "subfields": [
          {
            "c": "{dollar}1"
          }
        ]
      }
    },
    {
      "016": {
        "ind1": "7",
        "ind2": "\\",
        "subfields": [
          {
            "a": "BA05741598"
          },
          {
            "2": "JP-ToKJK"
          }
        ]
      }
    },
    {
      "016": {
        "ind1": "7",
        "ind2": "\\",
        "subfields": [
          {
            "a": "009530614"
          },
          {
            "2": "Uk"
          }
        ]
      }
    },
    {
      "019": {
        "ind1": "\\",
        "ind2": "\\",
        "subfields": [
          {
            "a": "1229572689"
          }
        ]
      }
    },
    {
      "035": {
        "ind1": "\\",
        "ind2": "\\",
        "subfields": [
          {
            "a": "(OCoLC)488849"
          },
          {
            "z": "(OCoLC)1229572689"
          }
        ]
      }
    },
    {
      "050": {
        "ind1": "0",
        "ind2": "0",
        "subfields": [
          {
            "a": "Z3308.T7"
          },
          {
            "b": "K63"
          }
        ]
      }
    },
    {
      "082": {
        "ind1": "0",
        "ind2": "0",
        "subfields": [
          {
            "a": "016.895608004"
          },
          {
            "b": "KOK"
          }
        ]
      }
    },
    {
      "110": {
        "ind1": "2",
        "ind2": "\\",
        "subfields": [
          {
            "a": "Kokusai Bunka Kaikan (Tokyo, Japan)."
          },
          {
            "b": "Toshoshitsu."
          }
        ]
      }
    },
    {
      "245": {
        "ind1": "1",
        "ind2": "0",
        "subfields": [
          {
            "a": "Modern Japanese literature in western translations :"
          },
          {
            "b": "a bibliography."
          }
        ]
      }
    },
    {
      "246": {
        "ind1": "1",
        "ind2": "4",
        "subfields": [
          {
            "6": "880-01"
          },
          {
            "a": "O\u0304bei ko\u0304goyaku gendai Nihon bungaku shomoku"
          }
        ]
      }
    },
    {
      "260": {
        "ind1": "\\",
        "ind2": "\\",
        "subfields": [
          {
            "a": "Tokyo :"
          },
          {
            "b": "International House of Japan Library,"
          },
          {
            "c": "1972."
          }
        ]
      }
    },
    {
      "300": {
        "ind1": "\\",
        "ind2": "\\",
        "subfields": [
          {
            "a": "190 pages ;"
          },
          {
            "c": "27 cm"
          }
        ]
      }
    },
    {
      "336": {
        "ind1": "\\",
        "ind2": "\\",
        "subfields": [
          {
            "a": "text"
          },
          {
            "b": "txt"
          },
          {
            "2": "rdacontent"
          }
        ]
      }
    },
    {
      "337": {
        "ind1": "\\",
        "ind2": "\\",
        "subfields": [
          {
            "a": "unmediated"
          },
          {
            "b": "n"
          },
          {
            "2": "rdamedia"
          }
        ]
      }
    },
    {
      "338": {
        "ind1": "\\",
        "ind2": "\\",
        "subfields": [
          {
            "a": "volume"
          },
          {
            "b": "nc"
          },
          {
            "2": "rdacarrier"
          }
        ]
      }
    },
    {
      "650": {
        "ind1": "\\",
        "ind2": "0",
        "subfields": [
          {
            "a": "Japanese literature"
          },
          {
            "x": "Translations"
          },
          {
            "v": "Bibliography."
          }
        ]
      }
    },
    {
      "650": {
        "ind1": "\\",
        "ind2": "7",
        "subfields": [
          {
            "a": "Japanese literature"
          },
          {
            "x": "Translations."
          },
          {
            "2": "fast"
          },
          {
            "0": "(OCoLC)fst00981860"
          }
        ]
      }
    },
    {
      "655": {
        "ind1": "\\",
        "ind2": "7",
        "subfields": [
          {
            "a": "Bibliographies."
          },
          {
            "2": "fast"
          },
          {
            "0": "(OCoLC)fst01919895"
          }
        ]
      }
    },
    {
      "655": {
        "ind1": "\\",
        "ind2": "7",
        "subfields": [
          {
            "a": "Bibliographies."
          },
          {
            "2": "lcgft"
          }
        ]
      }
    },
    {
      "700": {
        "ind1": "1",
        "ind2": "\\",
        "subfields": [
          {
            "6": "880-02"
          },
          {
            "a": "Fujino, Yukio,"
          },
          {
            "d": "1931-2014."
          }
        ]
      }
    },
    {
      "776": {
        "ind1": "0",
        "ind2": "8",
        "subfields": [
          {
            "i": "Online version:"
          },
          {
            "a": "Kokusai Bunka Kaikan (Tokyo, Japan). Toshoshitsu."
          },
          {
            "t": "Modern Japanese literature in western translations."
          },
          {
            "d": "Tokyo, International House of Japan Library, 1972"
          },
          {
            "w": "(OCoLC)551256854"
          }
        ]
      }
    },
    {
      "776": {
        "ind1": "0",
        "ind2": "8",
        "subfields": [
          {
            "i": "Online version:"
          },
          {
            "a": "Kokusai Bunka Kaikan (Tokyo, Japan). Toshoshitsu."
          },
          {
            "t": "Modern Japanese literature in western translations."
          },
          {
            "d": "Tokyo, International House of Japan Library, 1972"
          },
          {
            "w": "(OCoLC)607932678"
          }
        ]
      }
    },
    {
      "880": {
        "ind1": "1",
        "ind2": "4",
        "subfields": [
          {
            "6": "246-01/{dollar}1"
          },
          {
            "a": "\u6b27\u7c73\u8a9e\u8a33\u73fe\u4ee3\u65e5\u672c\u6587\u5b66\u66f8\u76ee"
          }
        ]
      }
    },
    {
      "880": {
        "ind1": "1",
        "ind2": "\\",
        "subfields": [
          {
            "6": "700-02/{dollar}1"
          },
          {
            "a": "\u85e4\u91ce\u5e78\u96c4,"
          },
          {
            "d": "1931-2014."
          }
        ]
      }
    },
    {
      "994": {
        "ind1": "\\",
        "ind2": "\\",
        "subfields": [
          {
            "a": "Z0"
          },
          {
            "b": "NYRVC"
          }
        ]
      }
    },
    {
      "948": {
        "ind1": "\\",
        "ind2": "\\",
        "subfields": [
          {
            "h": "NO HOLDINGS IN NYRVC - 142 OTHER HOLDINGS"
          }
        ]
      }
    },
    {
      "999": {
        "ind1": "\\",
        "ind2": "\\",
        "subfields": [
          {
            "a": "00000000018417"
          }
        ]
      }
    }
  ]
}